<record><leader>00000cas a22000007a 4500</leader><controlfield tag="001">12335889</controlfield><controlfield tag="008">850801d18821889pauwr n       0    0eng d</controlfield><datafield ind1=" " ind2=" " tag="010"><subfield code="a">sn 85054747 </subfield></datafield><datafield ind1=" " ind2=" " tag="040"><subfield code="a">PLF</subfield><subfield code="b">eng</subfield><subfield code="c">PLF</subfield><subfield code="d">NPH</subfield><subfield code="d">OCLCQ</subfield></datafield><datafield ind1=" " ind2=" " tag="042"><subfield code="a">msc</subfield></datafield><datafield ind1="0" ind2=" " tag="130"><subfield code="a">Germantown independent (Philadelphia, Pa. : Weekly : 1882)</subfield></datafield><datafield ind1="1" ind2="0" tag="245"><subfield code="a">Germantown independent.</subfield></datafield><datafield ind1=" " ind2=" " tag="260"><subfield code="a">Germantown, Philadelphia [Pa.] :</subfield><subfield code="b">H.F. McCann, J.A. Savage,</subfield><subfield code="c">1882-</subfield></datafield><datafield ind1=" " ind2=" " tag="300"><subfield code="a">v. :</subfield><subfield code="b">ill. (chiefly advertisements)</subfield></datafield><datafield ind1=" " ind2=" " tag="310"><subfield code="a">Weekly</subfield></datafield><datafield ind1="0" ind2=" " tag="362"><subfield code="a">Vol. 1, no. 1 (Oct. 7, 1882)-</subfield></datafield><datafield ind1="1" ind2=" " tag="362"><subfield code="a">Ceased 1889.</subfield><subfield code="z">Cf. A Checklist of Pa. newspapers.</subfield></datafield><datafield ind1=" " ind2=" " tag="500"><subfield code="a">Published every Saturday.</subfield></datafield><datafield ind1=" " ind2=" " tag="580"><subfield code="a">Issued also in a daily edition called: Germantown independent (Germantown, Pa. : Daily : 1886), Sept. 20, 1886-Oct. 27, 1887; and Daily independent (Germantown, Pa.), Oct. 31, 1887-1889.</subfield></datafield><datafield ind1=" " ind2=" " tag="752"><subfield code="a">United States</subfield><subfield code="b">Pennsylvania</subfield><subfield code="c">Philadelphia</subfield><subfield code="d">Philadelphia.</subfield></datafield><datafield ind1="1" ind2=" " tag="775"><subfield code="t">Germantown independent (Philadelphia, Pa. : Daily : 1886)</subfield><subfield code="w">(OCoLC)12334218</subfield></datafield><datafield ind1="1" ind2=" " tag="775"><subfield code="t">Daily independent (Philadelphia, Pa.)</subfield><subfield code="w">(OCoLC)12335948</subfield></datafield><datafield ind1="0" ind2="0" tag="785"><subfield code="t">Germantown weekly independent</subfield><subfield code="w">(OCoLC)12335898</subfield></datafield></record>